
@ARTICLE{Peyre06,
AUTHOR = "Gabriel Peyre and Laurent D. Cohen",
TITLE = "Geodesic Remeshing Using Front Propagation",
JOURNAL = "International Journal of Computer Vision",
PAGES = {145-156},
YEAR = {2006},
}

@ARTICLE{Sethian98,
    author = {J. A. Sethian},
    title = {Fast Marching Methods},
    journal = {SIAM Review},
    year = {1998},
    volume = {41},
    pages = {199--235}
}


@INPROCEEDINGS{Kimmel98,
  author = {R. Kimmel and J. Sethian},
  title = {Computing Geodesic paths on manifolds},
  booktitle = {Procedings of the National Academy of Sciences},
  year = {1998},
  volume = {95},
  month = {July}
  pages = {8431 -- 8435},
  note = {\texttt{http://mesh.epfl.ch}}
}

@INPROCEEDINGS{PeyreCode,
  author = {G. Peyre},
  note = {\texttt{http://geodesics4meshes.googlecode.com}}
}

@Article{Hoppes05,
  author = {V. Surazhsky and T. Surazhsky and D. Kirsanov and S. Gortler and H. Hoppe},
  title = {Computing Geodesic paths on manifolds},
  booktitle = {ACM Trans. Graphics, 24(3), 2005.},
  year = {2005},
  volume = {24},
  issue = 3,
  note = {\texttt{http://research.microsoft.com/en-us/um/people/hoppe/geodesics.pdf}}
}

@comment{jabref-meta: selector_publisher:}

@comment{jabref-meta: selector_author:}

@comment{jabref-meta: selector_journal:}

@comment{jabref-meta: selector_keywords:}

