@inproceedings{Erickson:2002:OCS:513400.513430,
	author = {Erickson, Jeff and Har-Peled, Sariel},
	title = {Optimally cutting a surface into a disk},
	booktitle = {Proceedings of the eighteenth annual symposium on Computational geometry},
	series = {SCG '02},
	year = {2002},
	isbn = {1-58113-504-1},
	location = {Barcelona, Spain},
	pages = {244--253},
	numpages = {10},
	url = {http://doi.acm.org/10.1145/513400.513430},
	doi = {http://doi.acm.org/10.1145/513400.513430},
	acmid = {513430},
	publisher = {ACM},
	address = {New York, NY, USA},
	keywords = {NP-hardness, approximation, computational topology, cut graph, polygonal schema, polyhedral 2-manifold},
}

@inproceedings{Erickson:2005:GOH:1070432.1070581,
	author = {Erickson, Jeff and Whittlesey, Kim},
	title = {Greedy Optimal Homotopy and Homology Generators},
	booktitle = {Proceedings of the Sixteenth Annual ACM-SIAM Symposium on Discrete Algorithms},
	series = {SODA '05},
	year = {2005},
	isbn = {0-89871-585-7},
	location = {Vancouver, British Columbia},
	pages = {1038--1046},
	numpages = {9},
	url = {http://dl.acm.org/citation.cfm?id=1070432.1070581},
	acmid = {1070581},
	publisher = {Society for Industrial and Applied Mathematics},
	address = {Philadelphia, PA, USA},
}

@article{Bennis:1991:PSF:127719.122744,
 author = {Bennis, Chakib and V{\'e}zien, Jean-Marc and Igl{\'e}sias, G{\'e}rard},
 title = {Piecewise Surface Flattening for Non-distorted Texture Mapping},
 journal = {SIGGRAPH Comput. Graph.},
 issue_date = {July 1991},
 volume = {25},
 number = {4},
 month = jul,
 year = {1991},
 issn = {0097-8930},
 pages = {237--246},
 numpages = {10},
 url = {http://doi.acm.org/10.1145/127719.122744},
 doi = {10.1145/127719.122744},
 acmid = {122744},
 publisher = {ACM},
 address = {New York, NY, USA},
 keywords = {differential geometry, geodesic curvature, non distorted texture mapping, piecewise surface flattening},
} 

@inproceedings{Cohen:1998:AS:280814.280832,
	author = {Cohen, Jonathan and Olano, Marc and Manocha, Dinesh},
	title = {Appearance-preserving Simplification},
	booktitle = {Proceedings of the 25th Annual Conference on Computer Graphics and Interactive Techniques},
	series = {SIGGRAPH '98},
	year = {1998},
	isbn = {0-89791-999-8},
	pages = {115--122},
	numpages = {8},
	url = {http://doi.acm.org/10.1145/280814.280832},
	doi = {10.1145/280814.280832},
	acmid = {280832},
	publisher = {ACM},
	address = {New York, NY, USA},
	keywords = {attributes, color, maps, normal, parameterization, simplification, texture},
} 

@article{Floater:1997:PSA:248299.248308,
	author = {Floater, Michael S.},
	title = {Parametrization and smooth approximation of surface triangulations},
	journal = {Comput. Aided Geom. Des.},
	volume = {14},
	issue = {3},
	month = {April},
	year = {1997},
	issn = {0167-8396},
	pages = {231--250},
	numpages = {20},
	url = {http://dx.doi.org/10.1016/S0167-8396(96)00031-3},
	doi = {http://dx.doi.org/10.1016/S0167-8396(96)00031-3},
	acmid = {248308},
	publisher = {Elsevier Science Publishers B. V.},
	address = {Amsterdam, The Netherlands, The Netherlands},
	keywords = {approximation, parametrization, planargraphs, straight-line drawing, surface triangulations},
} 

@article{Tutte:1963,
	author = {W. T. Tutte},
	title = {How to Draw a Graph},
	journal = {Proceedings of The London Mathematical Society},
	volume = {s3-13},
	year = {1963},
	pages = {743--767},
	doi = {10.1112/plms/s3-13.1.743},
	masid = {1334312},
}

@INPROCEEDINGS{Hormann00quadrilateralremeshing,
	author = {Kai Hormann and GÃ¼nther Greiner},
	title = {Quadrilateral remeshing},
	booktitle = {Proceedings of Vision, Modeling and Vizualization, 2000},
	year = {2000},
	pages = {153--162}
}

@article{Gu:2002:GI:566654.566589,
	author = {Gu, Xianfeng and Gortler, Steven J. and Hoppe, Hugues},
	title = {Geometry Images},
	journal = {ACM Trans. Graph.},
	issue_date = {July 2002},
	volume = {21},
	number = {3},
	month = jul,
	year = {2002},
	issn = {0730-0301},
	pages = {355--361},
	numpages = {7},
	url = {http://doi.acm.org/10.1145/566654.566589},
	doi = {10.1145/566654.566589},
	acmid = {566589},
	publisher = {ACM},
	address = {New York, NY, USA},
	keywords = {remeshing, surface parametrization},
} 

@inproceedings{Kutz:2006:CSN:1137856.1137919,
	author = {Kutz, Martin},
	title = {Computing Shortest Non-trivial Cycles on Orientable Surfaces of Bounded Genus in Almost Linear Time},
	booktitle = {Proceedings of the Twenty-second Annual Symposium on Computational Geometry},
	series = {SCG '06},
	year = {2006},
	isbn = {1-59593-340-9},
	location = {Sedona, Arizona, USA},
	pages = {430--438},
	numpages = {9},
	url = {http://doi.acm.org/10.1145/1137856.1137919},
	doi = {10.1145/1137856.1137919},
	acmid = {1137919},
	publisher = {ACM},
	address = {New York, NY, USA},
	keywords = {computational topology, efficient algorithm, non-trivial cycles, planar graph, system of loops, universal cover},
} 

@ARTICLE{Dijkstra59anote,
	author = {E. W. Dijkstra},
	title = {A Note on Two Problems in Connexion with Graphs},
	journal = {NUMERISCHE MATHEMATIK},
	year = {1959},
	volume = {1},
	number = {1},
	pages = {269--271}
}